
@article{kruglanskietal2000,
  title = {To "Do the Right Thing" or to "Just Do It": {{Locomotion}} and Assessment as Distinct Self-Regulatory Imperatives},
  volume = {79},
  issn = {1939-1315(Electronic),0022-3514(Print)},
  doi = {10.1037/0022-3514.79.5.793},
  number = {5},
  journaltitle = {Journal of Personality and Social Psychology},
  shortjournal = {J Pers Soc Psychol},
  date = {2000},
  pages = {793-815},
  author = {Kruglanski, Arie W. and Thompson, Erik P. and Higgins, E. Tory and Atash, M. Nadir and Pierro, Antonio and Shah, James Y. and Spiegel, Scott},
  file = {/Users/emily/Zotero/storage/H6CT33XB/kruglanskietal2000.pdf;/Users/emily/Zotero/storage/I2SYNAXD/RMQ_scoring.pdf;/Users/emily/Zotero/storage/VSDHKY3Z/RMQ.pdf}
}

@article{picaetal2015,
  title = {The Early Bird Gets the Worm: {{On}} Locomotors’ Preference for Morningness},
  volume = {76},
  issn = {0191-8869},
  doi = {10.1016/j.paid.2014.12.020},
  shorttitle = {The Early Bird Gets the Worm},
  issue = {Supplement C},
  journaltitle = {Personality and Individual Differences},
  shortjournal = {Pers Indiv Differ},
  date = {2015-04-01},
  pages = {158-160},
  author = {Pica, Gennaro and Amato, Clara and Pierro, Antonio and Kruglanski, Arie W.},
  file = {/Users/emily/Zotero/storage/UV9ZR2XA/picaetal2015.pdf;/Users/emily/Zotero/storage/U3AUGH2S/S019188691400748X.html}
}

@book{higgins2012c,
  location = {{New York, NY}},
  title = {Beyond Pleasure and Pain: {{How}} Motivation Works},
  isbn = {978-0-19-976582-9},
  shorttitle = {Beyond {{Pleasure}} and {{Pain}}},
  pagetotal = {576},
  publisher = {{Oxford University Press}},
  date = {2012},
  author = {Higgins, E. Tory},
  file = {/Users/emily/Zotero/storage/JI8LTR83/beyond-pleasure-and-pain-9780199765829.html}
}

@article{higginsetal2001,
  title = {Achievement Orientations from Subjective Histories of Success: {{Promotion}} Pride versus Prevention Pride},
  volume = {31},
  issn = {0046-2772},
  doi = {10.1002/ejsp.27},
  shorttitle = {Achievement Orientations from Subjective Histories of Success},
  number = {1},
  journaltitle = {European Journal of Social Psychology},
  shortjournal = {Eur J Soc Psychol},
  date = {2001-01-26},
  pages = {3-23},
  author = {Higgins, E. Tory and Friedman, Ronald and Harlow, Robert E. and Idson, Lorraine Chen and Ayduk, Ozlem N. and Taylor, Amy},
  file = {/Users/emily/Zotero/storage/7V869EIH/RFQ.doc;/Users/emily/Zotero/storage/AJP52CJ4/higginsetal2001.pdf}
}

@article{carlsonshu2007,
  langid = {english},
  title = {The Rule of Three: {{How}} the Third Event Signals the Emergence of a Streak},
  volume = {104},
  issn = {07495978},
  doi = {10.1016/j.obhdp.2007.03.004},
  shorttitle = {The Rule of Three},
  number = {1},
  journaltitle = {Organizational Behavior and Human Decision Processes},
  shortjournal = {Organ Behav Hum Dec},
  date = {2007-09},
  pages = {113-121},
  author = {Carlson, Kurt A. and Shu, Suzanne B.},
  file = {/Users/emily/Zotero/storage/TE59MALR/carlsonshu2007.pdf}
}

@book{hayes2018,
  langid = {english},
  location = {{New York, NY}},
  title = {Introduction to Mediation, Moderation, and Conditional Process Analysis: {{A}} Regression-Based Approach},
  edition = {2nd},
  isbn = {978-1-4625-3465-4},
  series = {Methodology in the {{Social Sciences}}},
  publisher = {{The Guildford Press}},
  date = {2018},
  author = {Hayes, Andrew F.},
  editor = {Kenny, David A. and Little, Todd D.},
  file = {/Users/emily/Zotero/storage/HY4WYMUR/hayesetal2018.pdf}
}

@book{bruner2009,
  langid = {english},
  location = {{Carbondale, IL}},
  title = {Marketing Scales Handbook: {{A}} Compilation of Multi-Item Measures for Consumer Behavior \& Advertising Research},
  volume = {5},
  isbn = {978-0-615-27327-3},
  publisher = {{GCBII Productions}},
  date = {2009},
  author = {Bruner, II, Gordon C.},
  file = {/Users/emily/Zotero/storage/L9E5NQEW/bruner2009.pdf},
  note = {OCLC: 746225115}
}

@online{mathmann2018,
  title = {Hot Hands and the Gamblers Fallacies: {{How}} Individual Differences Affect the Quality of Gambling Decisions},
  url = {https://www.qut.edu.au/research/study-with-us/student-topics/topics/hot-hands-and-the-gamblers-fallacies-how-individual-differences-affect-the-quality-of-gambling-decisions},
  shorttitle = {Hot Hands and the Gamblers Fallacies},
  journaltitle = {Queensland University of Technology},
  urldate = {2018-05-21},
  date = {2018-05-18},
  author = {Mathmann, Frank},
  file = {/Users/emily/Zotero/storage/E8QNYNFD/hot-hands-and-the-gamblers-fallacies-how-individual-differences-affect-the-quality-of-gambling-.html}
}

@article{gilovichetal1985,
  title = {The Hot Hand in Basketball: {{On}} the Misperception of Random Sequences},
  volume = {17},
  issn = {0010-0285},
  doi = {10.1016/0010-0285(85)90010-6},
  shorttitle = {The Hot Hand in Basketball},
  number = {3},
  journaltitle = {Cognitive Psychology},
  shortjournal = {Cognitive Psychol},
  date = {1985-07-01},
  pages = {295-314},
  author = {Gilovich, Thomas and Vallone, Robert and Tversky, Amos},
  file = {/Users/emily/Zotero/storage/QGUZG6PB/gilovichetal1985.pdf}
}

@article{scholeretal2010,
  langid = {english},
  title = {When Risk Seeking Becomes a Motivational Necessity},
  volume = {99},
  issn = {1939-1315},
  doi = {10.1037/a0019715},
  number = {2},
  journaltitle = {Journal of Personality and Social Psychology},
  shortjournal = {J Pers Soc Psychol},
  date = {2010-08},
  pages = {215-231},
  author = {Scholer, Abigail A. and Zou, Xi and Fujita, Kentaro and Stroessner, Steven J. and Higgins, E. Tory},
  file = {/Users/emily/Zotero/storage/DRZ3PTW3/scholeretal2010.pdf},
  eprinttype = {pmid},
  eprint = {20658840}
}

@inreference{snijders2005,
  location = {{Chichester, England}},
  title = {Fixed and Random Effects},
  volume = {2},
  booktitle = {Encyclopedia of {{Statistics}} in {{Behavioral Science}}},
  publisher = Wiley,
  date = {2005},
  pages = {664-665},
  author = {Snijders, Tom A. B.},
  editor = {Everitt, B. S. and Howell, D. C.},
  file = {/Users/emily/Zotero/storage/CD45TKQQ/snijders2005.pdf}
}

@article{sapienzaetal2009,
  title = {Gender Differences in Financial Risk Aversion and Career Choices Are Affected by Testosterone},
  volume = {106},
  issn = {0027-8424},
  doi = {10.1073/pnas.0907352106},
  number = {36},
  journaltitle = {Proceedings of the National Academy of Sciences of the United States of America},
  shortjournal = {Proc Natl Acad Sci USA},
  date = {2009-09-08},
  pages = {15268-15273},
  author = {Sapienza, Paola and Zingales, Luigi and Maestripieri, Dario},
  file = {/Users/emily/Zotero/storage/ZE827R3U/sapienzaetal2009.pdf},
  eprinttype = {pmid},
  eprint = {19706398},
  pmcid = {PMC2741240}
}

@article{zhangetal2014,
  title = {Repeating the Past: {{Prevention}} Focus Motivates Repetition, Even for Unethical Decisions},
  volume = {25},
  issn = {0956-7976},
  doi = {10.1177/0956797613502363},
  shorttitle = {Repeating the {{Past}}},
  number = {1},
  journaltitle = {Psychological Science},
  shortjournal = {Psychol Sci},
  date = {2014-01-01},
  pages = {179-187},
  author = {Zhang, Shu and Cornwell, James F. M. and Higgins, E. Tory},
  file = {/Users/emily/Zotero/storage/HNM7KQBQ/zhangetal2014.pdf},
  eprinttype = {pmid},
  eprint = {24277774},
  pmcid = {PMC3899102}
}

@article{roeseetal1999,
  title = {Counterfactual Thinking and Regulatory Focus: {{Implications}} for Action versus Inaction and Sufficiency versus Necessity},
  volume = {77},
  issn = {1939-1315(Electronic),0022-3514(Print)},
  doi = {10.1037/0022-3514.77.6.1109},
  number = {6},
  journaltitle = {Journal of Personality and Social Psychology},
  date = {1999},
  pages = {1109-1120},
  author = {Roese, Neal J. and Hur, Taekyun and Pennington, Ginger L.},
  file = {/Users/emily/Zotero/storage/JMN4JRQJ/roeseetal1999.pdf}
}

@article{higginsetal1997,
  title = {Emotional Responses to Goal Attainment: {{Strength}} of Regulatory Focus as Moderator},
  volume = {72},
  issn = {1939-1315(Electronic),0022-3514(Print)},
  doi = {10.1037/0022-3514.72.3.515},
  number = {3},
  journaltitle = {Journal of Personality and Social Psychology},
  date = {1997},
  pages = {515-525},
  author = {Higgins, E. Tory and Shah, James and Friedman, Ronald},
  file = {/Users/emily/Zotero/storage/TFA3ZM6K/higginsetal1997.pdf}
}

@article{epstuderoese2008,
  title = {The Functional Theory of Counterfactual Thinking},
  volume = {12},
  issn = {1088-8683},
  doi = {10.1177/1088868308316091},
  number = {2},
  journaltitle = {Personality and Social Psychology Review},
  shortjournal = {Pers Soc Psychol Rev},
  date = {2008-05},
  pages = {168-192},
  author = {Epstude, Kai and Roese, Neal J.},
  file = {/Users/emily/Zotero/storage/J4AYEYZN/epstuderoese2008.pdf},
  eprinttype = {pmid},
  eprint = {18453477},
  pmcid = {PMC2408534}
}

@article{lederetal2013,
  langid = {english},
  title = {Thoughts about Possible Failure: {{Regulatory}} Focus and the Anticipation of Regret},
  volume = {31},
  issn = {0278016X},
  doi = {http://dx.doi.org.ezproxy.cul.columbia.edu/101521soco2013313349},
  shorttitle = {Thoughts {{About Possible Failure}}},
  number = {3},
  journaltitle = {Social Cognition},
  date = {2013-06},
  pages = {349-373},
  author = {Leder, Susanne and Florack, Arnd and Keller, Johannes},
  file = {/Users/emily/Zotero/storage/YDPG9B7A/lederetal2013.pdf}
}

@article{weberchapman2005,
  title = {Playing for Peanuts: {{Why}} Is Risk Seeking More Common for Low-Stakes Gambles?},
  volume = {97},
  issn = {0749-5978},
  doi = {10.1016/j.obhdp.2005.03.001},
  shorttitle = {Playing for Peanuts},
  number = {1},
  journaltitle = {Organizational Behavior and Human Decision Processes},
  shortjournal = {Organizational Behavior and Human Decision Processes},
  date = {2005-05-01},
  pages = {31-46},
  author = {Weber, Bethany J. and Chapman, Gretchen B.},
  file = {/Users/emily/Zotero/storage/G36IVHXV/weberchapman2005.pdf;/Users/emily/Zotero/storage/H2WC3CCF/S0749597805000361.html}
}

@article{lee2015,
  langid = {english},
  title = {The Moderating Effect of Regulatory Focus on the Effect of Inaction Inertia: {{The}} Mediating Effect of Anticipated Regret and Satisfaction},
  volume = {8},
  issn = {0974 -5645},
  doi = {10.17485/ijst/2015/v8i19/77122},
  shorttitle = {The {{Moderating Effect}} of {{Regulatory Focus}} on the {{Effect}} of {{Inaction Inertia}}},
  number = {19},
  journaltitle = {Indian Journal of Science and Technology},
  date = {2015-08-10},
  author = {Lee, Seongsoo},
  file = {/Users/emily/Zotero/storage/7FU6BXBC/lee2015.pdf;/Users/emily/Zotero/storage/F9768XUI/77122.html}
}

@article{molden2012,
  langid = {english},
  title = {Motivated Strategies for Judgment: {{How}} Preferences for Particular Judgment Processes Can Affect Judgment Outcomes},
  volume = {6},
  issn = {1751-9004},
  doi = {10.1111/j.1751-9004.2011.00424.x},
  shorttitle = {Motivated {{Strategies}} for {{Judgment}}},
  number = {2},
  journaltitle = {Social and Personality Psychology Compass},
  date = {2012},
  pages = {156-169},
  author = {Molden, Daniel C.},
  file = {/Users/emily/Zotero/storage/MJTQLMMI/molden.pdf;/Users/emily/Zotero/storage/NN7QE2MQ/j.1751-9004.2011.00424.html}
}

@article{leesturm2017,
  title = {A Sequential Choice Perspective of Postdecision Regret and Counterfactual Thinking in Voluntary Turnover Decisions},
  volume = {99},
  issn = {0001-8791},
  doi = {10.1016/j.jvb.2016.12.003},
  journaltitle = {Journal of Vocational Behavior},
  shortjournal = {Journal of Vocational Behavior},
  date = {2017-04-01},
  pages = {11-23},
  author = {Lee, Hwanwoo and Sturm, Rachel E.},
  file = {/Users/emily/Zotero/storage/KF7SI4YZ/leesturm2017.pdf;/Users/emily/Zotero/storage/7RURTSX3/S0001879116301038.html}
}

@article{roeseetal2007,
  langid = {english},
  title = {Regret and Behavior: {{Comment}} on {{Zeelenberg}} and {{Pieters}}},
  volume = {17},
  issn = {1532-7663},
  doi = {10.1207/s15327663jcp1701_5},
  shorttitle = {Regret and {{Behavior}}},
  number = {1},
  journaltitle = {Journal of Consumer Psychology},
  date = {2007},
  pages = {25-28},
  author = {Roese, Neal J. and Summerville, Amy and Fessel, Florian},
  file = {/Users/emily/Zotero/storage/TUTS2XUC/roeseetal.pdf;/Users/emily/Zotero/storage/G92WTJD8/s15327663jcp1701_5.html}
}

@incollection{eckelgrossman2008a,
  location = {{Oxford, UK}},
  title = {Men, Women and Risk Aversion: {{Experimental}} Evidence},
  volume = {1},
  isbn = {978-0-444-82642-8},
  doi = {10.1016/S1574-0722(07)00113-8},
  shorttitle = {Chapter 113 {{Men}}, {{Women}} and {{Risk Aversion}}},
  booktitle = {Handbook of Experimental Economics Results},
  series = {Handbooks in {{Economics}}},
  publisher = Elsevier,
  date = {2008-01-01},
  pages = {1061-1073},
  author = {Eckel, Catherine C. and Grossman, Philip J.},
  editor = {Plott, Charles R. and Smith, Vernon L.},
  file = {/Users/emily/Zotero/storage/KCI8ZK4L/eckelgrossman2008.pdf;/Users/emily/Zotero/storage/J7IBY26B/S1574072207001138.html}
}

@article{eckelgrossman2008,
  title = {Forecasting Risk Attitudes: {{An}} Experimental Study Using Actual and Forecast Gamble Choices},
  volume = {68},
  issn = {0167-2681},
  doi = {10.1016/j.jebo.2008.04.006},
  shorttitle = {Forecasting Risk Attitudes},
  number = {1},
  journaltitle = {Journal of Economic Behavior \& Organization},
  shortjournal = {Journal of Economic Behavior \& Organization},
  date = {2008-10-01},
  pages = {1-17},
  author = {Eckel, Catherine C. and Grossman, Philip J.},
  file = {/Users/emily/Zotero/storage/JJAXWS76/eckelgrossman2008.pdf;/Users/emily/Zotero/storage/D8AT326N/S0167268108000978.html}
}

@article{powellansic1997,
  title = {Gender Differences in Risk Behaviour in Financial Decision-Making: {{An}} Experimental Analysis},
  volume = {18},
  issn = {0167-4870},
  doi = {10.1016/S0167-4870(97)00026-3},
  shorttitle = {Gender Differences in Risk Behaviour in Financial Decision-Making},
  number = {6},
  journaltitle = {Journal of Economic Psychology},
  shortjournal = {Journal of Economic Psychology},
  date = {1997-11-01},
  pages = {605-628},
  author = {Powell, Melanie and Ansic, David},
  file = {/Users/emily/Zotero/storage/K9VETJVU/powellansic1997.pdf;/Users/emily/Zotero/storage/GCJBPZF8/S0167487097000263.html}
}

@article{cohnetal1975,
  eprinttype = {jstor},
  eprint = {2978738},
  title = {Individual Investor Risk Aversion and Investment Portfolio Composition},
  volume = {30},
  issn = {0022-1082},
  doi = {10.2307/2978738},
  number = {2},
  journaltitle = {The Journal of Finance},
  date = {1975},
  pages = {605-620},
  author = {Cohn, Richard A. and Lewellen, Wilbur G. and Lease, Ronald C. and Schlarbaum, Gary G.},
  file = {/Users/emily/Zotero/storage/J6SSMEVF/cohnetal1975.pdf}
}

@article{rikhardssonholm2008,
  title = {The Effect of Environmental Information on Investment Allocation Decisions – an Experimental Study},
  volume = {17},
  issn = {09644733},
  doi = {10.1002/bse.536},
  number = {6},
  journaltitle = {Business Strategy and the Environment},
  shortjournal = {Business Strategy \& the Environment (John Wiley \& Sons, Inc)},
  date = {2008-09},
  pages = {382-397},
  author = {Rikhardsson, Pall and Holm, Claus},
  file = {/Users/emily/Zotero/storage/J4HDZ4R2/rikhardssonholm2008.pdf}
}

@article{zouetal2014,
  title = {In Pursuit of Progress: {{Promotion}} Motivation and Risk Preference in the Domain of Gains},
  volume = {106},
  issn = {1939-1315(Electronic),0022-3514(Print)},
  doi = {10.1037/a0035391},
  number = {2},
  journaltitle = {Journal of Personality and Social Psychology},
  date = {2014},
  pages = {183-201},
  author = {Zou, Xi and Scholer, Abigail A. and Higgins, E. Tory},
  file = {/Users/emily/Zotero/storage/XEC32NZU/zouetal2014.pdf}
}

@article{higginscornwell2016,
  title = {Securing Foundations and Advancing Frontiers: {{Prevention}} and Promotion Effects on Judgment \& Decision Making},
  volume = {136},
  issn = {0749-5978},
  doi = {10.1016/j.obhdp.2016.04.005},
  shorttitle = {Securing Foundations and Advancing Frontiers},
  journaltitle = {Organizational Behavior and Human Decision Processes},
  date = {2016-09-01},
  pages = {56-67},
  author = {Higgins, E. Tory and Cornwell, James F. M.},
  file = {/Users/emily/Zotero/storage/JSMVCKDA/higginscornwell2016.pdf}
}

@article{higgins2018,
  title = {What Distinguishes Promotion and Prevention? {{Attaining}} “+1” from “0” as Non-Gain versus Maintaining “0” as Non-Loss},
  volume = {49},
  doi = {10.24425/119470},
  number = {1},
  journaltitle = {Polish Psychological Bulletin},
  date = {2018},
  pages = {40-49},
  author = {Higgins, E. Tory},
  file = {/Users/emily/Zotero/storage/F55QLC8E/higgins2018.pdf}
}

@article{higgins1997,
  title = {Beyond Pleasure and Pain},
  volume = {52},
  issn = {1935-990X(Electronic),0003-066X(Print)},
  doi = {10.1037/0003-066X.52.12.1280},
  number = {12},
  journaltitle = {American Psychologist},
  date = {1997},
  pages = {1280-1300},
  author = {Higgins, E. Tory},
  file = {/Users/emily/Zotero/storage/TFHBFZ5U/higgins1997.pdf}
}

@article{crowehiggins1997,
  title = {Regulatory Focus and Strategic Inclinations: {{Promotion}} and Prevention in Decision-Making},
  volume = {69},
  issn = {0749-5978},
  doi = {10.1006/obhd.1996.2675},
  shorttitle = {Regulatory {{Focus}} and {{Strategic Inclinations}}},
  number = {2},
  journaltitle = {Organizational Behavior and Human Decision Processes},
  shortjournal = {Organizational Behavior and Human Decision Processes},
  date = {1997-02-01},
  pages = {117-132},
  author = {Crowe, Ellen and Higgins, E. Tory},
  file = {/Users/emily/Zotero/storage/EJ9W7B33/crowehiggins1997.pdf}
}

@article{appelthiggins2010,
  title = {My Way: {{How}} Strategic Preferences Vary by Negotiator Role and Regulatory Focus},
  volume = {46},
  issn = {0022-1031},
  doi = {10.1016/j.jesp.2010.05.010},
  shorttitle = {My Way},
  number = {6},
  journaltitle = {Journal of Experimental Social Psychology},
  shortjournal = {Journal of Experimental Social Psychology},
  date = {2010-11-01},
  pages = {1138-1142},
  author = {Appelt, Kirstin C. and Higgins, E. Tory},
  file = {/Users/emily/Zotero/storage/FVUGUR3M/appelthiggins2010.pdf}
}

@article{higginsetal2012,
  title = {Value from Adversity: {{How}} We Deal with Adversity Matters},
  volume = {48},
  issn = {0022-1031},
  doi = {10.1016/j.jesp.2012.02.012},
  shorttitle = {Value from Adversity},
  number = {4},
  journaltitle = {Journal of Experimental Social Psychology},
  shortjournal = {Journal of Experimental Social Psychology},
  date = {2012-07-01},
  pages = {965-967},
  author = {Higgins, E. Tory and Marguc, Janina and Scholer, Abigail A.},
  file = {/Users/emily/Zotero/storage/YQIW8RWW/higginsetal2012.pdf}
}

@article{zeelenberg1999,
  langid = {english},
  title = {Anticipated Regret, Expected Feedback and Behavioral Decision Making},
  volume = {12},
  issn = {0894-3257, 1099-0771},
  doi = {10.1002/(SICI)1099-0771(199906)12:2<93::AID-BDM311>3.0.CO;2-S},
  number = {2},
  journaltitle = {Journal of Behavioral Decision Making},
  date = {1999-06},
  pages = {93-106},
  author = {Zeelenberg, Marcel},
  file = {/Users/emily/Zotero/storage/S9FEQXHY/zeelenberg1999.pdf}
}

@article{nan2008,
  eprinttype = {jstor},
  eprint = {20460825},
  title = {The Pursuit of Self-Regulatory Goals: {{How}} Counterfactual Thinking Influences Advertising Persuasiveness},
  volume = {37},
  issn = {0091-3367},
  doi = {10.2753/JOA0091-3367370102},
  shorttitle = {The {{Pursuit}} of {{Self}}-{{Regulatory Goals}}},
  number = {1},
  journaltitle = {Journal of Advertising},
  date = {2008},
  pages = {17-27},
  author = {Nan, Xiaoli},
  file = {/Users/emily/Zotero/storage/AM5TZ5II/nan2008.pdf}
}

@article{markmanetal2006,
  langid = {english},
  title = {Counterfactual Thinking and Regulatory Fit},
  volume = {1},
  issn = {1930-2975},
  url = {http://psycnet.apa.org.ezproxy.cul.columbia.edu/record/2007-04382-002},
  number = {2},
  journaltitle = {Judgment and Decision Making},
  date = {2006},
  pages = {10},
  author = {Markman, Keith D. and McMullen, Matthew N. and Elizaga, Ronald A. and Mizoguchi, Nobuko},
  file = {/Users/emily/Zotero/storage/R7KVWVBZ/jdm06136.pdf}
}

@article{lietal2010,
  langid = {english},
  title = {Anticipated Regret, Risk Perception, or Both: {{Which}} Is Most Likely Responsible for Our Intention to Gamble?},
  volume = {26},
  issn = {1050-5350, 1573-3602},
  doi = {10.1007/s10899-009-9149-5},
  shorttitle = {Anticipated {{Regret}}, {{Risk Perception}}, or {{Both}}},
  number = {1},
  journaltitle = {Journal of Gambling Studies},
  shortjournal = {J Gambl Stud},
  date = {2010-03-01},
  pages = {105-116},
  author = {Li, Shu and Zhou, Kun and Sun, Yue and Rao, Li-Lin and Zheng, Rui and Liang, Zhu-Yuan},
  file = {/Users/emily/Zotero/storage/8RNLJ96B/Li et al. - 2010 - Anticipated Regret, Risk Perception, or Both Whic.pdf;/Users/emily/Zotero/storage/K7CDZJ9F/s10899-009-9149-5.html}
}

@article{zeelenbergetal1998,
  title = {Emotional Reactions to the Outcomes of Decisions: {{The}} Role of Counterfactual Thought in the Experience of Regret and Disappointment},
  volume = {75},
  issn = {0749-5978},
  doi = {10.1006/obhd.1998.2784},
  shorttitle = {Emotional {{Reactions}} to the {{Outcomes}} of {{Decisions}}},
  number = {2},
  journaltitle = {Organizational Behavior and Human Decision Processes},
  shortjournal = {Organizational Behavior and Human Decision Processes},
  date = {1998-08-01},
  pages = {117-141},
  author = {Zeelenberg, Marcel and van Dijk, Wilco W. and van der Pligt, Joop and Manstead, Antony S. R. and van Empelen, Pepijn and Reinderman, Dimitri},
  options = {useprefix=true},
  file = {/Users/emily/Zotero/storage/YX67ZYFX/zeelenbergetal1998.pdf;/Users/emily/Zotero/storage/YGASMJN2/S0749597898927844.html}
}

@article{baileykinerson2005,
  langid = {english},
  title = {Regret {{Avoidance}} and {{Risk Tolerance}}},
  volume = {16},
  date = {2005},
  pages = {6},
  author = {Bailey, Jeffrey J and Kinerson, Chris},
  file = {/Users/emily/Zotero/storage/DKT9D7ED/1d2667c361a6811f47b1618851836a00b67b.pdf}
}

@article{zeelenbergbeattie1997,
  title = {Consequences of Regret Aversion 2: {{Additional}} Evidence for Effects of Feedback on Decision Making},
  volume = {72},
  issn = {0749-5978},
  doi = {10.1006/obhd.1997.2730},
  shorttitle = {Consequences of {{Regret Aversion}} 2},
  number = {1},
  journaltitle = {Organizational Behavior and Human Decision Processes},
  shortjournal = {Organizational Behavior and Human Decision Processes},
  date = {1997-10-01},
  pages = {63-78},
  author = {Zeelenberg, Marcel and Beattie, Jane},
  file = {/Users/emily/Zotero/storage/VFQ6NG6A/zeelenbergbeattie1997.pdf;/Users/emily/Zotero/storage/DS4JZ4DF/S0749597897927308.html}
}

@article{vandoornetal2014,
  title = {How Instructors’ Emotional Expressions Shape Students’ Learning Performance: {{The}} Roles of Anger, Happiness, and Regulatory Focus},
  volume = {143},
  issn = {1939-2222(Electronic),0096-3445(Print)},
  doi = {10.1037/a0035226},
  shorttitle = {How Instructors’ Emotional Expressions Shape Students’ Learning Performance},
  number = {3},
  journaltitle = {Journal of Experimental Psychology: General},
  date = {2014},
  pages = {980-984},
  author = {van Doorn, Evert A. and van Kleef, Gerben A. and van der Pligt, Joop},
  options = {useprefix=true},
  file = {/Users/emily/Zotero/storage/N86TJ2TP/vandoornetal2014.pdf;/Users/emily/Zotero/storage/SDQLBAKT/2013-44953-001.html}
}

@article{higginsliberman2018,
  langid = {english},
  title = {The Loss of Loss Aversion: {{Paying}} Attention to Reference Points},
  volume = {28},
  issn = {1532-7663},
  doi = {10.1002/jcpy.1045},
  shorttitle = {The {{Loss}} of {{Loss Aversion}}},
  number = {3},
  journaltitle = {Journal of Consumer Psychology},
  date = {2018-07-01},
  pages = {523-532},
  author = {Higgins, E. Tory and Liberman, Nira},
  file = {/Users/emily/Zotero/storage/UDREGEEG/higginsliberman2018.pdf;/Users/emily/Zotero/storage/B8NH5HYJ/jcpy.html}
}

@article{feldtetal1987,
  langid = {english},
  title = {Statistical Inference for Coefficient Alpha},
  volume = {11},
  url = {http://journals.sagepub.com/doi/10.1177/014662168701100107},
  number = {1},
  journaltitle = {Applied Psychological Measurement},
  urldate = {2018-12-18},
  date = {1987},
  pages = {93-103},
  author = {Feldt, Leonard S. and Woodruff, David J. and Salih, Fathi A.},
  file = {/Users/emily/Zotero/storage/UGUUNGMQ/feldtetal1987.pdf;/Users/emily/Zotero/storage/E4IB7JBB/014662168701100107.html}
}

@report{dennisetal2018,
  langid = {english},
  location = {{Rochester, NY}},
  title = {{{MTurk}} Workers' Use of Low-Cost 'virtual Private Servers' to Circumvent Screening Methods: {{A}} Research Note},
  url = {https://papers.ssrn.com/abstract=3233954},
  shorttitle = {{{MTurk Workers}}' {{Use}} of {{Low}}-{{Cost}} '{{Virtual Private Servers}}' to {{Circumvent Screening Methods}}},
  number = {ID 3233954},
  institution = {{Social Science Research Network}},
  type = {SSRN Scholarly Paper},
  urldate = {2019-01-14},
  date = {2018-08-17},
  author = {Dennis, Sean A. and Goodson, Brian M. and Pearson, Chris},
  file = {/Users/emily/Zotero/storage/ZZAJESLL/Dennis et al. - 2018 - MTurk Workers' Use of Low-Cost 'Virtual Private Se.pdf;/Users/emily/Zotero/storage/AH28HPH3/papers.html}
}

@report{kennedyetal2018,
  langid = {english},
  location = {{Rochester, NY}},
  title = {The Shape of and Solutions to the {{MTurk}} Quality Crisis},
  url = {https://papers.ssrn.com/abstract=3272468},
  number = {ID 3272468},
  institution = {{Social Science Research Network}},
  type = {SSRN Scholarly Paper},
  urldate = {2019-01-14},
  date = {2018-10-24},
  author = {Kennedy, Ryan and Clifford, Scott and Burleigh, Tyler and Jewell, Ryan and Waggoner, Philip},
  file = {/Users/emily/Zotero/storage/LKFI95FY/kennedyetal2018.pdf;/Users/emily/Zotero/storage/A43I6VDF/papers.html}
}

@incollection{higgins1996d,
  langid = {english},
  location = {{Mahwah, NJ}},
  title = {Emotional Experiences: {{The}} Pains and Pleasures of Distinct Regulatory Systems},
  isbn = {978-0-8058-1527-6},
  url = {https://books.google.com/books?id=iok2pKzHAfQC&printsec=frontcover&source=gbs_ViewAPI#v=onepage&q&f=false},
  booktitle = {Emotion: {{Interdisciplinary}} Perspectives},
  publisher = {{Lawrence Erlbaum Associates}},
  date = {1996},
  pages = {203-241},
  author = {Higgins, E. Tory},
  editor = {Kavanaugh, Robert D. and Zimmerberg, Betty and Fein, Steven},
  file = {/Users/emily/Zotero/storage/PX2NKUXB/higgins1996d.png},
  eprinttype = {googlebooks},
  eprint = {iok2pKzHAfQC}
}

@article{preacheretal2007,
  title = {Addressing Moderated Mediation Hypotheses: {{Theory}}, Methods, and Prescriptions},
  volume = {42},
  issn = {0027-3171},
  doi = {10.1080/00273170701341316},
  shorttitle = {Addressing {{Moderated Mediation Hypotheses}}},
  number = {1},
  journaltitle = {Multivariate Behavioral Research},
  date = {2007-06-29},
  pages = {185-227},
  author = {Preacher, Kristopher J. and Rucker, Derek D. and Hayes, Andrew F.},
  file = {/Users/emily/Zotero/storage/M7VT7V46/preacheretal2007.pdf;/Users/emily/Zotero/storage/R4NFL9RM/00273170701341316.html},
  eprinttype = {pmid},
  eprint = {26821081}
}

@online{nakkawitaetal2019a,
  title = {Regulatory Focus, Counterfactual Loss, and Risky Decision Making: {{Model}} Predictions},
  url = {https://emilynakka.shinyapps.io/RFCFLoss/},
  urldate = {2019-01-19},
  date = {2019},
  author = {Nakkawita, Emily and Mathmann, Frank and Higgins, E. Tory},
  file = {/Users/emily/Zotero/storage/BW7J3PSR/RFCFLoss.html}
}

@incollection{hazlitt2015,
  langid = {english},
  location = {{Hastings, UK}},
  title = {On Thought and Action.},
  booktitle = {Collected Works of {{William Hazlitt}}},
  publisher = {{Delphi Classics}},
  date = {2015},
  origdate = {1821},
  pages = {Essay XI},
  author = {Hazlitt, William},
  eprinttype = {googlebooks},
  eprint = {4NbMCgAAQBAJ}
}

@article{zouetal2019,
  title = {Risk Preference: {{How}} Decision Maker's Goal, Current Value State, and Choice Set Work Together},
  doi = {10.1037/rev0000162},
  journaltitle = {Psychological Review},
  date = {2019},
  pages = {Advance online publication},
  author = {Zou, Xi and Scholer, Abigail A. and Higgins, E. Tory},
  file = {/Users/emily/Zotero/storage/IHP58Y7I/ZOU&SCHOLER&HIGGINS.PSYCH REVIEW.FEB2019.pdf;/Users/emily/Zotero/storage/XFAT8R4T/zouetal2019.pdf}
}

@article{zouscholer2016,
  langid = {english},
  title = {Motivational Affordance and Risk-Taking across Decision Domains},
  volume = {42},
  issn = {0146-1672},
  doi = {10.1177/0146167215626706},
  number = {3},
  journaltitle = {Personality and Social Psychology Bulletin},
  shortjournal = {Pers Soc Psychol Bull},
  date = {2016-03-01},
  pages = {275-289},
  author = {Zou, Xi and Scholer, Abigail A.},
  file = {/Users/emily/Zotero/storage/MU4MQ43J/zouscholer2016.pdf}
}

@incollection{higginsetal1986a,
  location = {{New York, NY}},
  title = {Standards and the Process of Self-Evaluation: {{Multiple}} Affects from Multiple Stages},
  isbn = {978-0-89862-667-4},
  booktitle = {Handbook of Motivation and Cognition:  {{Foundations}} of Social Behavior},
  publisher = {{Guilford Press}},
  date = {1986},
  pages = {435-464},
  author = {Higgins, E. Tory and Strauman, Timothy and Klein, Ruth},
  editor = {Sorrentino, Richard M. and Higgins, E. Tory},
  file = {/Users/emily/Zotero/storage/K6MCK56Z/typesofstandards.JPG}
}

@article{heathetal1999,
  title = {Goals as Reference Points},
  volume = {38},
  issn = {0010-0285},
  doi = {10.1006/cogp.1998.0708},
  number = {1},
  journaltitle = {Cognitive Psychology},
  shortjournal = {Cognitive Psychology},
  date = {1999-02-01},
  pages = {79-109},
  author = {Heath, Chip and Larrick, Richard P. and Wu, George},
  file = {/Users/emily/Zotero/storage/FYCCWBKA/heathetal1999.pdf;/Users/emily/Zotero/storage/5G9HYPVR/S0010028598907083.html}
}

@article{bonezzietal2011,
  langid = {english},
  title = {Stuck in the Middle: {{The}} Psychophysics of Goal Pursuit},
  volume = {22},
  issn = {0956-7976, 1467-9280},
  doi = {10.1177/0956797611404899},
  shorttitle = {Stuck in the {{Middle}}},
  number = {5},
  journaltitle = {Psychological Science},
  shortjournal = {Psychol Sci},
  date = {2011-05},
  pages = {607-612},
  author = {Bonezzi, Andrea and Brendl, C. Miguel and De Angelis, Matteo},
  file = {/Users/emily/Zotero/storage/2XYHBHNL/bonezzietal2011.pdf}
}

@article{inmanzeelenberg2002,
  langid = {english},
  title = {Regret in Repeat Purchase versus Switching Decisions: {{The}} Attenuating Role of Decision Justifiability},
  volume = {29},
  issn = {0093-5301},
  doi = {10.1086/339925},
  shorttitle = {Regret in {{Repeat Purchase}} versus {{Switching Decisions}}},
  number = {1},
  journaltitle = {Journal of Consumer Research},
  shortjournal = {J Consum Res},
  date = {2002-06-01},
  pages = {116-128},
  author = {Inman, J. Jeffrey and Zeelenberg, Marcel},
  file = {/Users/emily/Zotero/storage/TUSGQCM7/inmanzeelenberg2002.pdf;/Users/emily/Zotero/storage/MILRMQUX/1796180.html}
}

@article{sekscinskaetal2016,
  langid = {english},
  title = {How People's Motivational System and Situational Motivation Influence Their Risky Financial Choices},
  volume = {7},
  issn = {1664-1078},
  doi = {10.3389/fpsyg.2016.01360},
  journaltitle = {Frontiers in Psychology},
  shortjournal = {Front. Psychol.},
  date = {2016},
  author = {Sekścińska, Katarzyna and Maison, Dominika Agnieszka and Trzcińska, Agata},
  file = {/Users/emily/Zotero/storage/HZSZJPBW/sekścińskaetal2016.pdf}
}

@article{kotabeetal2019,
  langid = {english},
  title = {How Anticipated Emotions Guide Self-Control Judgments},
  volume = {10},
  issn = {1664-1078},
  doi = {10.3389/fpsyg.2019.01614},
  journaltitle = {Frontiers in Psychology},
  shortjournal = {Front. Psychol.},
  date = {2019},
  pages = {1614},
  author = {Kotabe, Hiroki P. and Righetti, Francesca and Hofmann, Wilhelm},
  file = {/Users/emily/Zotero/storage/CURUPDI3/kotabeetal2019.pdf}
}

@article{effron2018,
  langid = {english},
  title = {It Could Have Been True: {{How}} Counterfactual Thoughts Reduce Condemnation of Falsehoods and Increase Political Polarization},
  volume = {44},
  issn = {0146-1672},
  doi = {10.1177/0146167217746152},
  shorttitle = {It {{Could Have Been True}}},
  number = {5},
  journaltitle = {Personality and Social Psychology Bulletin},
  shortjournal = {Pers Soc Psychol Bull},
  date = {2018-05-01},
  pages = {729-745},
  author = {Effron, Daniel A.},
  file = {/Users/emily/Zotero/storage/TY8MBP6J/effron2018.pdf}
}

@article{clarketal2008,
  langid = {english},
  title = {Relative Income, Happiness, and Utility: {{An}} Explanation for the {{Easterlin}} Paradox and Other Puzzles},
  volume = {46},
  issn = {0022-0515},
  doi = {10.1257/jel.46.1.95},
  shorttitle = {Relative {{Income}}, {{Happiness}}, and {{Utility}}},
  number = {1},
  journaltitle = {Journal of Economic Literature},
  date = {2008-03},
  pages = {95-144},
  author = {Clark, Andrew E. and Frijters, Paul and Shields, Michael A.},
  file = {/Users/emily/Zotero/storage/K65BI298/clarketal2008.pdf;/Users/emily/Zotero/storage/8HGVVTGC/articles.html}
}

@article{clarksenik2010,
  langid = {english},
  title = {Who Compares to Whom? {{The}} Anatomy of Income Comparisons in {{Europe}}},
  volume = {120},
  issn = {0013-0133, 1468-0297},
  doi = {10.1111/j.1468-0297.2010.02359.x},
  shorttitle = {Who {{Compares}} to {{Whom}}?},
  number = {544},
  journaltitle = {The Economic Journal},
  date = {2010-05-01},
  pages = {573-594},
  author = {Clark, Andrew E. and Senik, Claudia},
  file = {/Users/emily/Zotero/storage/6SLEFD75/clarksenik2010.pdf}
}

@article{easterlin2001,
  langid = {english},
  title = {Income and Happiness: {{Towards}} a Unified Theory},
  volume = {111},
  doi = {10.1111/1468-0297.00646},
  journaltitle = {The Economic Journal},
  date = {2001},
  pages = {465-484},
  author = {Easterlin, Richard A.},
  file = {/Users/emily/Zotero/storage/FF3SPC2H/easterlin2001.pdf}
}

@article{becchettietal2011,
  title = {The Heterogeneous Effects of Income Changes on Happiness},
  volume = {104},
  issn = {0303-8300},
  doi = {10.1007/s11205-010-9750-0},
  number = {3},
  journaltitle = {Social Indicators Research},
  date = {2011},
  pages = {387-406},
  author = {Becchetti, Leonardo and Corrado, Luisa and Rossetti, Fiammetta},
  file = {/Users/emily/Zotero/storage/X8D25YPX/becchettietal2011.pdf}
}

@article{hughes2019,
  entrysubtype = {newspaper},
  langid = {english},
  title = {Bitcoin Price Soars 42\% to \$10,500 — {{Biggest}} Daily Gain since 2011},
  url = {https://cointelegraph.com/news/bitcoin-price-soars-42-to-10-500-biggest-daily-gain-since-2011},
  journaltitle = CoinTelegraph,
  urldate = {2019-12-03},
  date = {2019-10-26},
  author = {Hughes, Horus},
  file = {/Users/emily/Zotero/storage/J5RDBVHX/bitcoin-price-soars-42-to-10-500-biggest-daily-gain-since-2011.html}
}

@article{salzman2019,
  entrysubtype = {newspaper},
  langid = {american},
  title = {Bitcoin Just Suffered Its Worst Drop in 20 Months. {{Here}}’s Why.},
  url = {https://www.barrons.com/articles/bitcoin-price-drop-bakkt-51569365796},
  journaltitle = {Barron's},
  urldate = {2019-12-03},
  date = {2019-09-24},
  author = {Salzman, Avi},
  file = {/Users/emily/Zotero/storage/W5NMFZ83/bitcoin-price-drop-bakkt-51569365796.html}
}

@article{lianetal2019,
  langid = {english},
  title = {Low Interest Rates and Risk-Taking: {{Evidence}} from Individual Investment Decisions},
  volume = {32},
  issn = {0893-9454},
  doi = {10.1093/rfs/hhy111},
  shorttitle = {Low {{Interest Rates}} and {{Risk}}-{{Taking}}},
  number = {6},
  journaltitle = {The Review of Financial Studies},
  shortjournal = {Rev Financ Stud},
  date = {2019-06-01},
  pages = {2107-2148},
  author = {Lian, Chen and Ma, Yueran and Wang, Carmen},
  file = {/Users/emily/Zotero/storage/EIDM7IBK/Lian et al. - 2019 - Low Interest Rates and Risk-Taking Evidence from .pdf;/Users/emily/Zotero/storage/DSU8APQH/5106044.html}
}

@article{burroughsrindfleisch2002,
  title = {Materialism and Well‐being: {{A}} Conflicting Values Perspective},
  volume = {29},
  issn = {0093-5301},
  doi = {10.1086/344429},
  shorttitle = {Materialism and {{Well}}‐{{Being}}},
  number = {3},
  journaltitle = {Journal of Consumer Research},
  date = {2002},
  pages = {348-370},
  author = {Burroughs, James E. and Rindfleisch, Aric},
  file = {/Users/emily/Zotero/storage/6LIP7EB3/burroughsrindfleisch2002.pdf}
}

@article{dabholkar1994,
  langid = {english},
  title = {Incorporating Choice into an Attitudinal Framework: {{Analyzing}} Models of Mental Comparison Processes},
  volume = {21},
  issn = {0093-5301},
  doi = {10.1086/209385},
  shorttitle = {Incorporating {{Choice}} into an {{Attitudinal Framework}}},
  number = {1},
  journaltitle = {Journal of Consumer Research},
  shortjournal = {J Consum Res},
  date = {1994-06-01},
  pages = {100-118},
  author = {Dabholkar, Pratibha A.},
  file = {/Users/emily/Zotero/storage/BF6AC29W/1853718.html}
}

@article{homburgetal2005,
  title = {Do Satisfied Customers Really Pay More? {{A}} Study of the Relationship between Customer Satisfaction and Willingness to Pay},
  volume = {69},
  issn = {0022-2429},
  doi = {10.1509/jmkg.69.2.84.60760},
  shorttitle = {Do {{Satisfied Customers Really Pay More}}?},
  number = {2},
  journaltitle = {Journal of Marketing},
  date = {2005},
  pages = {84-96},
  author = {Homburg, Christian and Koschate, Nicole and Hoyer, Wayne D.},
  file = {/Users/emily/Zotero/storage/RAJYYSQH/Homburg et al. - 2005 - Do Satisfied Customers Really Pay More A Study of.pdf}
}

@article{bryantdunford2008,
  langid = {english},
  title = {The Influence of Regulatory Focus on Risky Decision-Making},
  volume = {57},
  issn = {1464-0597},
  doi = {10.1111/j.1464-0597.2007.00319.x},
  number = {2},
  journaltitle = {Applied Psychology},
  date = {2008},
  pages = {335-359},
  author = {Bryant, Peter and Dunford, Richard},
  file = {/Users/emily/Zotero/storage/92A9PGIV/bryantdunford2008.pdf;/Users/emily/Zotero/storage/SYWGUC4W/j.1464-0597.2007.00319.html}
}

@article{vandeven2017,
  title = {Envy and Admiration: {{Emotion}} and Motivation Following Upward Social Comparison},
  volume = {31},
  issn = {0269-9931},
  doi = {10.1080/02699931.2015.1087972},
  shorttitle = {Envy and Admiration},
  number = {1},
  journaltitle = {Cognition and Emotion},
  date = {2017-01-02},
  pages = {193-200},
  author = {van de Ven, Niels},
  options = {useprefix=true},
  file = {/Users/emily/Zotero/storage/MRKGRZ58/Ven - 2017 - Envy and admiration emotion and motivation follow.pdf;/Users/emily/Zotero/storage/D6BUE5WR/02699931.2015.html},
  eprinttype = {pmid},
  eprint = {26403478}
}

@article{cohen-charash2009,
  langid = {english},
  title = {Episodic Envy},
  volume = {39},
  issn = {1559-1816},
  doi = {10.1111/j.1559-1816.2009.00519.x},
  number = {9},
  journaltitle = {Journal of Applied Social Psychology},
  date = {2009},
  pages = {2128-2173},
  author = {Cohen‐Charash, Yochi},
  file = {/Users/emily/Zotero/storage/XIGKZHKR/Cohen‐Charash - 2009 - Episodic Envy.pdf;/Users/emily/Zotero/storage/W9EHYDKT/j.1559-1816.2009.00519.html}
}

@article{harrisetal2008,
  title = {Keeping up with the {{Joneses}}: {{A}} Field Study of the Relationships among Upward, Lateral, and Downward Comparisons and Pay Level Satisfaction},
  volume = {93},
  issn = {1939-1854(Electronic),0021-9010(Print)},
  doi = {10.1037/0021-9010.93.3.665},
  shorttitle = {Keeping up with the {{Joneses}}},
  number = {3},
  journaltitle = {Journal of Applied Psychology},
  date = {2008},
  pages = {665-673},
  author = {Harris, Michael M. and Anseel, Frederik and Lievens, Filip},
  file = {/Users/emily/Zotero/storage/2L4IPAA2/harrisetal2008.pdf;/Users/emily/Zotero/storage/XQANFJBW/2008-05281-013.html}
}

@article{collins1996,
  title = {For Better or Worse: {{The}} Impact of Upward Social Comparison on Self-Evaluations},
  volume = {119},
  issn = {1939-1455(Electronic),0033-2909(Print)},
  doi = {10.1037/0033-2909.119.1.51},
  shorttitle = {For Better or Worse},
  number = {1},
  journaltitle = {Psychological Bulletin},
  date = {1996},
  pages = {51-69},
  author = {Collins, Rebecca L.},
  file = {/Users/emily/Zotero/storage/ZY7FGTZ7/collins1996.pdf;/Users/emily/Zotero/storage/AEVXHFPD/1996-01401-005.html}
}

@article{wood1989,
  title = {Theory and Research Concerning Social Comparisons of Personal Attributes},
  volume = {106},
  issn = {1939-1455(Electronic),0033-2909(Print)},
  doi = {10.1037/0033-2909.106.2.231},
  number = {2},
  journaltitle = {Psychological Bulletin},
  date = {1989},
  pages = {231-248},
  author = {Wood, Joanne V.},
  file = {/Users/emily/Zotero/storage/W4DHZYGM/wood1989.pdf;/Users/emily/Zotero/storage/UYSTXJ26/1990-01271-001.html}
}

@article{hawleyfujii1993,
  title = {An Empirical Analysis of Preferences for Financial Risk: {{Further}} Evidence on the {{Friedman}}-{{Savage}} Model},
  volume = {16},
  issn = {0160-3477},
  doi = {10.1080/01603477.1993.11489978},
  shorttitle = {An {{Empirical Analysis}} of {{Preferences}} for {{Financial Risk}}},
  number = {2},
  journaltitle = {Journal of Post Keynesian Economics},
  date = {1993},
  pages = {197-204},
  author = {Hawley, Clifford B. and Fujii, Edwin T.},
  file = {/Users/emily/Zotero/storage/WVAC96ZZ/hawleyfujii1993.pdf}
}

@article{lindesonnemans2012,
  langid = {english},
  title = {Social Comparison and Risky Choices},
  volume = {44},
  issn = {1573-0476},
  doi = {10.1007/s11166-011-9135-z},
  number = {1},
  journaltitle = {Journal of Risk and Uncertainty},
  shortjournal = {J Risk Uncertain},
  date = {2012-02-01},
  pages = {45-72},
  author = {Linde, Jona and Sonnemans, Joep},
  file = {/Users/emily/Zotero/storage/PJ5AYQNY/lindesonnemans2012.pdf}
}

@report{gambamanzoni2014,
  langid = {english},
  location = {{Rochester, NY}},
  title = {Social Comparison and Risk Taking Behavior},
  url = {https://papers.ssrn.com/abstract=2385942},
  number = {ID 2385942},
  institution = {{Social Science Research Network}},
  type = {SSRN Scholarly Paper},
  urldate = {2019-12-05},
  date = {2014-01-27},
  author = {Gamba, Astrid and Manzoni, Elena},
  file = {/Users/emily/Zotero/storage/A74MPJIM/gambamanzoni2014.pdf;/Users/emily/Zotero/storage/M9CV7J4G/papers.html}
}


@Manual{R-base,
  title = {R: A Language and Environment for Statistical Computing},
  author = {{R Core Team}},
  organization = {R Foundation for Statistical Computing},
  address = {Vienna, Austria},
  year = {2019},
  url = {https://www.R-project.org/},
}
@Book{R-boot,
  title = {Bootstrap Methods and Their Applications},
  author = {A. C. Davison and D. V. Hinkley},
  publisher = {Cambridge University Press},
  address = {Cambridge},
  year = {1997},
  note = {ISBN 0-521-57391-2},
  url = {http://statwww.epfl.ch/davison/BMA/},
}
@Manual{R-broman,
  title = {broman: Karl Broman's R Code},
  author = {Karl W Broman and with contributions from Aimee Teo Broman},
  year = {2019},
  note = {R package version 0.69-5},
  url = {https://CRAN.R-project.org/package=broman},
}
@Manual{R-broom,
  title = {broom: Convert Statistical Objects into Tidy Tibbles},
  author = {David Robinson and Alex Hayes},
  year = {2019},
  note = {https://broom.tidyverse.org/, http://github.com/tidymodels/broom},
}
@Manual{R-citr,
  title = {citr: 'RStudio' Add-in to Insert Markdown Citations},
  author = {Frederik Aust},
  year = {2019},
  note = {R package version 0.3.2},
  url = {https://CRAN.R-project.org/package=citr},
}
@Manual{R-cocron,
  title = {cocron: Statistical Comparisons of Two or more Alpha Coefficients},
  author = {Birk Diedenhofen},
  year = {2016},
  note = {(Version 1.0-1)},
  url = {http://comparingcronbachalphas.org},
}
@Manual{R-cowplot,
  title = {cowplot: Streamlined Plot Theme and Plot Annotations for 'ggplot2'},
  author = {Claus O. Wilke},
  year = {2019},
  note = {R package version 1.0.0},
  url = {https://CRAN.R-project.org/package=cowplot},
}
@Manual{R-dplyr,
  title = {dplyr: A Grammar of Data Manipulation},
  author = {Hadley Wickham and Romain François and Lionel Henry and Kirill Müller},
  year = {2019},
  note = {R package version 0.8.3},
  url = {https://CRAN.R-project.org/package=dplyr},
}
@Manual{R-forcats,
  title = {forcats: Tools for Working with Categorical Variables (Factors)},
  author = {Hadley Wickham},
  year = {2019},
  note = {R package version 0.4.0},
  url = {https://CRAN.R-project.org/package=forcats},
}
@Book{R-ggplot2,
  author = {Hadley Wickham},
  title = {ggplot2: Elegant Graphics for Data Analysis},
  publisher = {Springer-Verlag New York},
  year = {2016},
  isbn = {978-3-319-24277-4},
  url = {https://ggplot2.tidyverse.org},
}
@Manual{R-interactions,
  title = {interactions: Comprehensive, User-Friendly Toolkit for Probing Interactions},
  author = {Jacob A. Long},
  year = {2019},
  note = {R package version 1.1.0},
  url = {https://cran.r-project.org/package=interactions},
}
@Manual{R-jtools,
  title = {jtools: Analysis and Presentation of Social Scientific Data},
  author = {Jacob A. Long},
  year = {2019},
  note = {R package version 2.0.1},
  url = {https://cran.r-project.org/package=jtools},
}
@Manual{R-kableExtra,
  title = {kableExtra: Construct Complex Table with 'kable' and Pipe Syntax},
  author = {Hao Zhu},
  year = {2019},
  note = {R package version 1.1.0},
  url = {https://CRAN.R-project.org/package=kableExtra},
}
@Book{R-knitr,
  title = {Dynamic Documents with {R} and knitr},
  author = {Yihui Xie},
  publisher = {Chapman and Hall/CRC},
  address = {Boca Raton, Florida},
  year = {2015},
  edition = {2nd},
  note = {ISBN 978-1498716963},
  url = {https://yihui.name/knitr/},
}
@Article{R-lavaan,
  title = {{lavaan}: An {R} Package for Structural Equation Modeling},
  author = {Yves Rosseel},
  journal = {Journal of Statistical Software},
  year = {2012},
  volume = {48},
  number = {2},
  pages = {1--36},
  url = {http://www.jstatsoft.org/v48/i02/},
}
@Manual{R-papaja,
  author = {Frederik Aust and Marius Barth},
  title = {{papaja}: {Create} {APA} manuscripts with {R Markdown}},
  year = {2018},
  note = {R package version 0.1.0.9842},
  url = {https://github.com/crsh/papaja},
}
@Manual{R-psych,
  title = {psych: Procedures for Psychological, Psychometric, and Personality Research},
  author = {William Revelle},
  organization = { Northwestern University},
  address = { Evanston, Illinois},
  year = {2018},
  note = {R package version 1.8.12},
  url = {https://CRAN.R-project.org/package=psych},
}
@Manual{R-purrr,
  title = {purrr: Functional Programming Tools},
  author = {Lionel Henry and Hadley Wickham},
  year = {2019},
  note = {R package version 0.3.3},
  url = {https://CRAN.R-project.org/package=purrr},
}
@Manual{R-readr,
  title = {readr: Read Rectangular Text Data},
  author = {Hadley Wickham and Jim Hester and Romain Francois},
  year = {2018},
  note = {R package version 1.3.1},
  url = {https://CRAN.R-project.org/package=readr},
}
@Manual{R-rIP,
  title = {rIP: Detects Fraud in Online Surveys by Tracing, Scoring, and
Visualizing IP Addresses},
  author = {Ryan Kennedy and Philip Waggoner},
  year = {2019},
  note = {R package version 1.2.0},
  url = {https://CRAN.R-project.org/package=rIP},
}
@Manual{R-shiny,
  title = {shiny: Web Application Framework for R},
  author = {Winston Chang and Joe Cheng and JJ Allaire and Yihui Xie and Jonathan McPherson},
  year = {2019},
  note = {R package version 1.4.0},
  url = {https://CRAN.R-project.org/package=shiny},
}
@Manual{R-stringr,
  title = {stringr: Simple, Consistent Wrappers for Common String Operations},
  author = {Hadley Wickham},
  year = {2019},
  note = {R package version 1.4.0},
  url = {https://CRAN.R-project.org/package=stringr},
}
@Manual{R-tibble,
  title = {tibble: Simple Data Frames},
  author = {Kirill Müller and Hadley Wickham},
  year = {2019},
  note = {R package version 2.1.3},
  url = {https://CRAN.R-project.org/package=tibble},
}
@Manual{R-tidyr,
  title = {tidyr: Tidy Messy Data},
  author = {Hadley Wickham and Lionel Henry},
  year = {2019},
  note = {R package version 1.0.0},
  url = {https://CRAN.R-project.org/package=tidyr},
}
@Manual{R-tidyverse,
  title = {tidyverse: Easily Install and Load the 'Tidyverse'},
  author = {Hadley Wickham},
  year = {2017},
  note = {R package version 1.2.1},
  url = {https://CRAN.R-project.org/package=tidyverse},
}
@Manual{R-formatR,
  title = {formatR: Format R Code Automatically},
  author = {Yihui Xie},
  year = {2019},
  note = {R package version 1.7},
  url = {https://CRAN.R-project.org/package=formatR},
}
@Article{R-Formula,
  title = {Extended Model Formulas in {R}: Multiple Parts and Multiple Responses},
  author = {Achim Zeileis and Yves Croissant},
  journal = {Journal of Statistical Software},
  year = {2010},
  volume = {34},
  number = {1},
  pages = {1--13},
  doi = {10.18637/jss.v034.i01},
}
@Manual{R-Hmisc,
  title = {Hmisc: Harrell Miscellaneous},
  author = {Frank E {Harrell Jr} and with contributions from Charles Dupont and many others.},
  year = {2019},
  note = {R package version 4.3-0},
  url = {https://CRAN.R-project.org/package=Hmisc},
}
@Book{R-lattice,
  title = {Lattice: Multivariate Data Visualization with R},
  author = {Deepayan Sarkar},
  publisher = {Springer},
  address = {New York},
  year = {2008},
  note = {ISBN 978-0-387-75968-5},
  url = {http://lmdvr.r-forge.r-project.org},
}
@Article{R-plyr,
  title = {The Split-Apply-Combine Strategy for Data Analysis},
  author = {Hadley Wickham},
  journal = {Journal of Statistical Software},
  year = {2011},
  volume = {40},
  number = {1},
  pages = {1--29},
  url = {http://www.jstatsoft.org/v40/i01/},
}
@Manual{R-semPlot,
  title = {semPlot: Path Diagrams and Visual Analysis of Various SEM Packages'
Output},
  author = {Sacha Epskamp},
  year = {2019},
  note = {R package version 1.1.2},
  url = {https://CRAN.R-project.org/package=semPlot},
}
@Book{R-survival-book,
  title = {Modeling Survival Data: Extending the {C}ox Model},
  author = {{Terry M. Therneau} and {Patricia M. Grambsch}},
  year = {2000},
  publisher = {Springer},
  address = {New York},
  isbn = {0-387-98784-3},
}
